<record><leader>00553cam a2200157 a 4500</leader><controlfield tag="001">000280997</controlfield><controlfield tag="003">MiAaHDL</controlfield><controlfield tag="005">20150713000000.0</controlfield><controlfield tag="006">m        d        </controlfield><controlfield tag="007">cr bn ---auaua</controlfield><controlfield tag="008">950621s19100000nyua          000 1 eng d</controlfield><datafield tag="035" ind1=" " ind2=" "><subfield code="a">sdr-coo2691573</subfield></datafield><datafield tag="035" ind1=" " ind2=" "><subfield code="a">sdr-miu.990002809970106381</subfield></datafield><datafield tag="035" ind1=" " ind2=" "><subfield code="a">(OCoLC)9608936</subfield></datafield><datafield tag="040" ind1=" " ind2=" "><subfield code="a">ABC</subfield><subfield code="c">ABC</subfield><subfield code="d">EMU</subfield><subfield code="d">NIC</subfield></datafield><datafield tag="050" ind1=" " ind2="4"><subfield code="a">PR6023.O16</subfield><subfield code="b">S5 1910</subfield></datafield><datafield tag="100" ind1="1" ind2=" "><subfield code="a">Locke, William John,</subfield><subfield code="d">1863-1930.</subfield></datafield><datafield tag="245" ind1="1" ind2="0"><subfield code="a">Simon the jester /</subfield><subfield code="c">by William J. Locke ; with four illustrations by James Montgomery Flagg.</subfield></datafield><datafield tag="260" ind1=" " ind2=" "><subfield code="a">New York :</subfield><subfield code="b">A.L. Burt,</subfield><subfield code="c">c1910.</subfield></datafield><datafield tag="300" ind1=" " ind2=" "><subfield code="a">332 p., [4] leaves of plates ;</subfield><subfield code="b">ill. ;</subfield><subfield code="c">20 cm.</subfield></datafield><datafield tag="538" ind1=" " ind2=" "><subfield code="a">Mode of access: Internet.</subfield></datafield><datafield tag="CID" ind1=" " ind2=" "><subfield code="a">000280997</subfield></datafield><datafield tag="DAT" ind1="0" ind2=" "><subfield code="a">20140814000307.0</subfield><subfield code="b">20150713000000.0</subfield></datafield><datafield tag="DAT" ind1="1" ind2=" "><subfield code="a">20171127154747.0</subfield><subfield code="b">2017-11-28T05:39:29Z</subfield></datafield><datafield tag="DAT" ind1="2" ind2=" "><subfield code="a">2015-07-20T18:00:04Z</subfield></datafield><datafield tag="CAT" ind1=" " ind2=" "><subfield code="a">SDR-COO</subfield><subfield code="d">EX LIBRIS - VOYAGER</subfield><subfield code="l">prepare.pl-004-007</subfield></datafield><datafield tag="FMT" ind1=" " ind2=" "><subfield code="a">BK</subfield></datafield><datafield tag="HOL" ind1=" " ind2=" "><subfield code="0">sdr-coo2691573</subfield><subfield code="a">coo1</subfield><subfield code="b">SDR</subfield><subfield code="c">COO</subfield><subfield code="p">coo1.ark:/13960/t8pc3jw9r</subfield><subfield code="s">COO</subfield><subfield code="1">2691573</subfield><subfield code="8">ia.cu31924074614615</subfield></datafield><datafield tag="974" ind1=" " ind2=" "><subfield code="8">ia.cu31924074614615</subfield><subfield code="b">COO</subfield><subfield code="c">COO</subfield><subfield code="d">20171128</subfield><subfield code="s">cornell-ms</subfield><subfield code="u">coo1.ark:/13960/t8pc3jw9r</subfield><subfield code="y">1910</subfield><subfield code="r">pd</subfield><subfield code="q">bib</subfield><subfield code="t">US bib date1 &lt; 1927</subfield></datafield><datafield tag="974" ind1=" " ind2=" "><subfield code="b">MIU</subfield><subfield code="c">MIU</subfield><subfield code="d">20210920</subfield><subfield code="s">google</subfield><subfield code="u">mdp.39015063938933</subfield><subfield code="y">1910</subfield><subfield code="r">pd</subfield><subfield code="q">bib</subfield><subfield code="t">US bib date1 &lt; 1927</subfield></datafield></record>